@article{salgado2023prediccion,
  title   = {Predicci{\'o}n y control del Trastorno por d{\'e}ficit de Atenci{\'o}n con Hiperactividad en adultos: Una revisi{\'o}n de literatura},
  author  = {Salgado, Juan Ordosgoitia and Montoya, Andr{\'e}s David D{\'\i}az and Zuluaga, Juan Jos{\'e} Restrepo},
  journal = {Cuaderno activa},
  volume  = {15},
  number  = {1},
  year    = {2023}
}

@article{aparicio2024tecnologias,
  title   = {Tecnolog{\'\i}as Emergentes en el Diagn{\'o}stico y Tratamiento del TDAH},
  author  = {Aparicio-Ju{\'a}rez, Jer{\'o}nimo and Dom{\'\i}nguez-Ram{\'\i}rez, Omar Arturo and Escotto-C{\'o}rdova, Eduardo Alejandro and others},
  journal = {P{\"a}di Bolet{\'\i}n Cient{\'\i}fico de Ciencias B{\'a}sicas e Ingenier{\'\i}as del ICBI},
  year    = {2024}
}

@article{santarrosaanalisis,
  title  = {An{\'a}lisis comparativo de t{\'e}cnicas de aprendizaje autom{\'a}tico y aprendizaje profundo para la detecci{\'o}n de TDAH},
  author = {Santarrosa-L{\'o}pez, Ismael and Alor-Hern{\'a}ndez, Giner and Bustos-L{\'o}pez, Maritza and S{\'a}nchez-Morales, Laura Nely and S{\'a}nchez-Cervantes, Jos{\'e} Luis}
}

@article{rivera2016elevada,
  title     = {La elevada prevalencia del TDAH: posibles causas y repercusiones socioeducativas},
  author    = {Rivera, Francisco Balbuena},
  journal   = {Psicolog{\'\i}a educativa},
  volume    = {22},
  number    = {2},
  pages     = {81--85},
  year      = {2016},
  publisher = {Elsevier}
}

@article{boechi2023tecnologias,
  title     = {Tecnolog{\'\i}as para la Evaluaci{\'o}n, Diagn{\'o}stico y Tratamiento del Trastorno por D{\'e}ficit de Atenci{\'o}n e Hiperactividad: Una Revisi{\'o}n Preliminar e Integradora},
  author    = {Boechi, Laura C and Encina Ben{\'\i}tez, F{\'a}tima L and Jara, Ronaldo L and Rodas Jara, Liza R and Villagra, Mar{\'\i}a del Rosario and B{\'a}ez, Diana and Navarro, Rodrigo and Almir{\'o}n-Santacruz, Jos{\'e} and Barrios, Iv{\'a}n and Castaldelli-Maia, Jo{\~a}o Mauricio and others},
  journal   = {Revista cient{\'\i}fica ciencias de la salud},
  volume    = {5},
  pages     = {38},
  year      = {2023},
  publisher = {Universidad del Pac{\'\i}fico}
}

@article{chen-2023,
  author  = {Chen, Tianhua and Tachmazidis, Ilias and Batsakis, Sotiris and Adamou, Marios and Papadakis, Emmanuel and Antoniou, Grigoris},
  journal = {Frontiers in Psychiatry},
  month   = {6},
  title   = {{Diagnosing attention-deficit hyperactivity disorder (ADHD) using artificial intelligence: a clinical study in the UK}},
  volume  = {14},
  year    = {2023},
  doi     = {10.3389/fpsyt.2023.1164433},
  url     = {https://doi.org/10.3389/fpsyt.2023.1164433}
}

@article{wall-2012,
  author  = {Wall, Dennis P. and Dally, Rebecca and Luyster, Rhiannon and Jung, Jae-Yoon and DeLuca, Todd F.},
  journal = {PLoS ONE},
  month   = {8},
  number  = {8},
  pages   = {e43855},
  title   = {{Use of Artificial Intelligence to Shorten the Behavioral Diagnosis of Autism}},
  volume  = {7},
  year    = {2012},
  doi     = {10.1371/journal.pone.0043855},
  url     = {https://doi.org/10.1371/journal.pone.0043855}
}

@article{combs2015perceived,
  title     = {Perceived stress and ADHD symptoms in adults},
  author    = {Combs, Martha A and Canu, Will H and Broman-Fulks, Joshua J and Rocheleau, Courtney A and Nieman, David C},
  journal   = {Journal of attention disorders},
  volume    = {19},
  number    = {5},
  pages     = {425--434},
  year      = {2015},
  publisher = {Sage Publications Sage CA: Los Angeles, CA}
}

@article{american2000diagnostic,
  title     = {Diagnostic and statistical manual of mental disorders},
  author    = {American Psychiatric Association and others},
  journal   = {Text revision},
  year      = {2000},
  publisher = {American psychiatric publishing}
}

@article{schroer-2021,
  author  = {Schröer, Christoph and Kruse, Felix and Gómez, Jorge Marx},
  journal = {Procedia Computer Science},
  month   = {1},
  pages   = {526--534},
  title   = {{A Systematic Literature Review on Applying CRISP-DM Process Model}},
  volume  = {181},
  year    = {2021},
  doi     = {10.1016/j.procs.2021.01.199},
  url     = {https://doi.org/10.1016/j.procs.2021.01.199}
}

 @article{thapar2008overview,
  title     = {An Overview on the Genetics of ADHD},
  author    = {Thapar, Anita and Stergiakouli, Evangelia},
  journal   = {Xin li xue bao. Acta psychologica Sinica},
  volume    = {40},
  number    = {10},
  pages     = {1088},
  year      = {2008},
  publisher = {Europe PMC Funders}
}

@article{doernberg2016neurodevelopmental,
  title     = {Neurodevelopmental disorders (asd and adhd): Dsm-5, icd-10, and icd-11},
  author    = {Doernberg, Ellen and Hollander, Eric},
  journal   = {CNS spectrums},
  volume    = {21},
  number    = {4},
  pages     = {295--299},
  year      = {2016},
  publisher = {Cambridge University Press}
}

@article{review2003neuropsychology,
  title     = {Review of Conners' Adult ADHD Rating Scales (CAARS)},
  author    = {C. K. Conners, D. Erhardt \& M. A. Sparrow},
  journal   = {Archives of Clinical Neuropsychology},
  volume    = {18},
  number    = {4},
  pages     = {431--43},
  year      = {2003},
  publisher = {Oxford Academic}
}

@article{khullar2021deep,
  title   = {Deep learning-based binary classification of ADHD using resting state MR images},
  author  = {Khullar, V. and Salgotra, K. and Singh, H. P. and Sharma, D. P.},
  journal = {Augmented Human Research},
  volume  = {6},
  number  = {1},
  pages   = {5},
  year    = {2021},
  doi     = {10.1016/j.pse.2015.12.002}
}

@article{consecuenciassociales,
  title        = {Las consecuencias sociales de las dificultades de aprendizaje en niños y adolescentes},
  author       = {},
  journal      = {Ehquidad: La Revista Internacional de Políticas de Bienestar y Trabajo Social},
  volume       = {11},
  howpublished = {\url{https://www.redalyc.org/pdf/6721/672174444004.pdf}}
}

@misc{scales2024adult,
  author       = {PAA},
  title        = {Conners Adult ADHD Rating Scales [CAARS]},
  howpublished = {\url{https://paa.com.au/product/caars/}},
  year         = {2024}
}

@misc{vanderbilt2024tools,
  title        = {Vanderbilt ADHD Diagnostic Rating Scale},
  howpublished = {\url{https://psychology-tools.com/page/get-help}},
  year         = {2024}
}

@misc{mente2024conners,
  author       = {Castillero Mimenza, O.},
  title        = {Test de Stroop: así evalúa la capacidad atencional e inhibitoria. Psicología y Mente},
  howpublished = {\url{https://psicologiaymente.com/psicologia/test-de-stroop}},
  year         = {2017}
}

@misc{test2024stroop,
  title        = {Qué es el test de Stroop y su utilidad en la evaluación del TDAH},
  howpublished = {\url{https://www.fundacioncadah.org/web/articulo/que-es-el-test-de-stroop-y-su-utilidad-en-la-evaluacion-del-tdah.html}},
  note         = {s.f., Último acceso: 24 de septiembre de 2024}
}

@misc{national-institute-of-mental-health-no-date,
  author = {National Institute of Mental Health},
  title  = {{Attention-Deficit/Hyperactivity Disorder: What You Need to Know}},
  url    = {https://www.nimh.nih.gov/health/publications/attention-deficit-hyperactivity-disorder-what-you-need-to-know}
}

@misc{normasfarmacologicas,
  title        = {Normas Farmacológicas},
  author       = {{NORMAS FARMACOLÓGICAS}},
  howpublished = {\url{https://www3.paho.org/spanish/AD/THS/EV/redparf-normas_farmacologicas_spa.pdf}},
  note         = {RED PANAMERICANA}
}

@misc{sistemaeducativoespana,
  title        = {Lo que necesitas saber sobre el sistema educativo en España},
  author       = {{Ministerio de Educación, Formación Profesional y Deportes - Gobierno de España}},
  howpublished = {\url{https://www.educacionfpydeportes.gob.es/atencion-educativa-ucranianos/sistemas-educativos.html}},
  note         = {© Ministerio de Educación, Formación Profesional y Deportes - Gobierno de España}
}
